@book{Funch_linAlg,
	title = {Lineær Algebra},
	language = {dansk},
	publisher = {Institut for Matematik, Aarhus Universitet},
	author = {Thomsen, Jesper Funch},
	year = {2018},
}

@book{Griffiths_eldyn,
    title = {Introduction to Electrodynamics},
    author = {David Jeffery Griffiths},
    year = {2020},
    month = {december},
    day = {28},
    pagecount = {599},
    isbn = {9780321856562},
    publisher = {Cambridge University Press},
    note = {{\scriptsize ISBN:} 9780321856562},
}

@unpublished{ugeseddel3,
    title = {Covariant differentiation},
    author = {Dmitri Fedorov},
    note = {\mbox{Tilgået} d. 28. december 2020},
}

@unpublished{ugeseddel4,
    title = {Motion of free bodies in gravitational fields},
    author = {Dmitri Fedorov},
    note = {\mbox{Tilgået} d. 8. januar 2021},
}

@unpublished{ugeseddel5,
    title = {Electrodynamics in gravitational fields},
    author = {Dmitri Fedorov},
    note = {\mbox{Tilgået} d. 28. december 2020},
}

@unpublished{ugeseddel7,
    title = {Einstein equation},
    author = {Dmitri Fedorov},
    note = {\mbox{Tilgået} d. 28. december 2020},
}

@unpublished{ugeseddel9,
    title = {Schwarzschild solution},
    author = {Dmitri Fedorov},
    note = {\mbox{Tilgået} d. 6. januar 2021},
}

@unpublished{ugeseddel10,
    title = {Classical tests of general relativity},
    author = {Dmitri Fedorov},
    note = {\mbox{Tilgået} d. 11. januar 2021},
}

@unpublished{ugeseddel11,
    title = {Motion in Schwarzschild metric},
    author = {Dmitri Fedorov},
    note = {\mbox{Tilgået} d. 7. januar 2021},
}

@unpublished{ugeseddel12,
    title = {Friedman (FLRW) universe},
    author = {Dmitri Fedorov},
    note = {\mbox{Tilgået} d. 9. januar 2021},
}

@book{uggerhoj_specielRel,
    title = {Speciel Relativitetsteori},
    author = {Ulrik I Uggerhøj},
    year = {2016},
    month = {december},
    day = {16},
    pagecount = {335},
    isbn = {9788771842333},
    note = {{\scriptsize ISBN:} 9788771842333},
}

@online{wiki:antisymmetricTensor,
	title = {Antisymmetric tensor},
	url = {https://en.wikipedia.org/wiki/Antisymmetric_tensor},
	urldate = {2021-01-14},
	author = {Wikipedia},
	howpublished = {{\scriptsize URL:} \url{https://en.wikipedia.org/wiki/Antisymmetric_tensor}},
	note = {\mbox{Tilgået} d. 14. januar 2021},
}

@online{quora:rank2TensorLinearCombination,
	title = {Any second rank tensor can be expressed as the sum of a symmetric and antisymmetric tensor. What is an example in physics where this decomposition is useful?},
	url = {https://www.quora.com/Any-second-rank-tensor-can-be-expressed-as-the-sum-of-a-symmetric-and-antisymmetric-tensor-What-is-an-example-in-physics-where-this-decomposition-is-useful},
	urldate = {2021-01-14},
	author = {Emad Noujeim},
	howpublished = {{\scriptsize URL:} \url{https://www.quora.com/Any-second-rank-tensor-can-be-expressed-as-the-sum-of-a-symmetric-and-antisymmetric-tensor-What-is-an-example-in-physics-where-this-decomposition-is-useful}},
	note = {\mbox{Tilgået} d. 14. januar 2021},
}